@misc{slee_2017,
title={Airbnb Data Collection: Get the Data},
url={http://tomslee.net/airbnb-data-collection-get-the-data},
journal={Tom Slee},
author={Slee, Tom},
year={2017}
}